@book{fzf,
	author={Michel L. Lapidus and Goran Radunovi{\'c} and Darko {\u Z}ubrini{\'c}},
	title={Fractal Zeta Functions and Fractal Drums},
	publisher={Springer},
	year={2017},
	ISBN={3319447041},
}

@article{laplu08,
	author={Lapidus, Michel L. and L{\~{u}}', H{\`u}ng},
	title={Nonarchimedean Cantor set and string},
	journal={J.~Fixed Point Theory and Appl.},
	year={2008},
	volume={3},
	number={1},
	pages={181--190},
	issn={1661-7746},
	doi={10.1007/s11784-008-0062-9},
	url={http://dx.doi.org/10.1007/s11784-008-0062-9}
}

@article{mcmullen84,
	author={Mc{M}ullen, Curt},
	title={The {H}ausdorff Dimension of General {S}ierp{\'n}ski Carpets},
	journal={Nagoya Mathematical J.},
	year={1984},
	volume={96},
	number={},
	pages={1--9},
	doi={10.1017/nmj.2017.13}
}
