
% Journals

% First the Full Name is given, then the abbreviation used in the AMS Math
% Reviews, with an indication if it could not be found there.
% Note the 2nd overwrites the 1st, so swap them if you want the full name.

 %{AMS}
 @String{AMSTrans = "American Mathematical Society Translations" }
 @String{AMSTrans = "Amer. Math. Soc. Transl." }
 @String{BullAMS = "Bulletin of the American Mathematical Society" }
 @String{BullAMS = "Bull. Amer. Math. Soc." }
 @String{ProcAMS = "Proceedings of the American Mathematical Society" }
 @String{ProcAMS = "Proc. Amer. Math. Soc." }
 @String{TransAMS = "Transactions of the American Mathematical Society" }
 @String{TransAMS = "Trans. Amer. Math. Soc." }

 %ACM
 @String{CACM = "Communications of the {ACM}" }
 @String{CACM = "Commun. {ACM}" }
 @String{CompServ = "Comput. Surveys" }
 @String{JACM = "J. ACM" }
 @String{ACMMathSoft = "{ACM} Transactions on Mathematical Software" }
 @String{ACMMathSoft = "{ACM} Trans. Math. Software" }
 @String{SIGNUM = "{ACM} {SIGNUM} Newsletter" }
 @String{SIGNUM = "{ACM} {SIGNUM} Newslett." }

 @String{AmerSocio = "American Journal of Sociology" }
 @String{AmerStatAssoc = "Journal of the American Statistical Association" }
 @String{AmerStatAssoc = "J. Amer. Statist. Assoc." }
 @String{ApplMathComp = "Applied Mathematics and Computation" }
 @String{ApplMathComp = "Appl. Math. Comput." }
 @String{AmerMathMonthly = "American Mathematical Monthly" }
 @String{AmerMathMonthly = "Amer. Math. Monthly" }
 @String{BIT = "{BIT}" }
 @String{BritStatPsych = "British Journal of Mathematical and Statistical
          Psychology" }
 @String{BritStatPsych = "Brit. J. Math. Statist. Psych." }
 @String{CanMathBull = "Canadian Mathematical Bulletin" }
 @String{CanMathBull = "Canad. Math. Bull." }
 @String{CompApplMath = "Journal of Computational and Applied Mathematics" }
 @String{CompApplMath = "J. Comput. Appl. Math." }
 @String{CompPhys = "Journal of Computational Physics" }
 @String{CompPhys = "J. Comput. Phys." }
 @String{CompStruct = "Computers and Structures" }
 @String{CompStruct = "Comput. \& Structures" }
 @String{CompJour = "The Computer Journal" }
 @String{CompJour = "Comput. J." }
 @String{CompSysSci = "Journal of Computer and System Sciences" }
 @String{CompSysSci = "J. Comput. System Sci." }
 @String{Computing = "Computing" }
 @String{ContempMath = "Contemporary Mathematics" }
 @String{ContempMath = "Contemp. Math." }
 @String{Crelle = "Crelle's Journal" }
 @String{GiornaleMath = "Giornale di Mathematiche" }
 @String{GiornaleMath = "Giorn. Mat." } % didn't find in AMS MR., ibid.

 %IEEE
 @String{Computer = "{IEEE} Computer" }
 @String{IEEETransComp = "{IEEE} Transactions on Computers" }
 @String{IEEETransComp = "{IEEE} Trans. Comput." }
 @String{IEEETransAC = "{IEEE} Transactions on Automatic Control" }
 @String{IEEETransAC = "{IEEE} Trans. Automat. Control" }
 @String{IEEESpec = "{IEEE} Spectrum" } % didn't find in AMS MR
 @String{ProcIEEE = "Proceedings of the {IEEE}" }
 @String{ProcIEEE = "Proc. {IEEE}" } % didn't find in AMS MR
 @String{IEEETransAeroElec = "{IEEE} Transactions on Aerospace and Electronic
     Systems" }
 @String{IEEETransAeroElec = "{IEEE} Trans. Aerospace Electron. Systems" }

 @String{IMANumerAna = "{IMA} Journal of Numerical Analysis" }
 @String{IMANumerAna = "{IMA} J. Numer. Anal." }
 @String{InfProcLet = "Information Processing Letters" }
 @String{InfProcLet = "Inform. Process. Lett." }
 @String{InstMathApp = "Journal of the Institute of Mathematics and
     its Applications" }
 @String{InstMathApp = "J. Inst. Math. Appl." }
 @String{IntControl = "International Journal of Control" }
 @String{IntControl = "Internat. J. Control" }
 @String{IntNumerEng = "International Journal for Numerical Methods in
     Engineering" }
 @String{IntNumerEng = "Internat. J. Numer. Methods Engrg." }
 @String{IntSuper = "International Journal of Supercomputing Applications" }
 @String{IntSuper = "Internat. J. Supercomputing Applic." } % didn't find
%% in AMS MR
 @String{Kibernetika = "Kibernetika" }
 @String{JResNatBurStand = "Journal of Research of the National Bureau
     of Standards" }
 @String{JResNatBurStand = "J. Res. Nat. Bur. Standards" }
 @String{LinAlgApp = "Linear Algebra and its Applications" }
 @String{LinAlgApp = "Linear Algebra Appl." }
 @String{MathAnaAppl = "Journal of Mathematical Analysis and Applications" }
 @String{MathAnaAppl = "J. Math. Anal. Appl." }
 @String{MathAnnalen = "Mathematische Annalen" }
 @String{MathAnnalen = "Math. Ann." }
 @String{MathPhys = "Journal of Mathematical Physics" }
 @String{MathPhys = "J. Math. Phys." }
 @String{MathComp = "Mathematics of Computation" }
 @String{MathComp = "Math. Comp." }
 @String{MathScand = "Mathematica Scandinavica" }
 @String{MathScand = "Math. Scand." }
 @String{TablesAidsComp = "Mathematical Tables and Other Aids to Computation" }
 @String{TablesAidsComp = "Math. Tables Aids Comput." }
 @String{NumerMath = "Numerische Mathematik" }
 @String{NumerMath = "Numer. Math." }
 @String{PacificMath = "Pacific Journal of Mathematics" }
 @String{PacificMath = "Pacific J. Math." }
 @String{ParDistComp = "Journal of Parallel and Distributed Computing" }
 @String{ParDistComp = "J. Parallel and Distrib. Comput." } % didn't find
%% in AMS MR
 @String{ParComputing = "Parallel Computing" }
 @String{ParComputing = "Parallel Comput." }
 @String{PhilMag = "Philosophical Magazine" }
 @String{PhilMag = "Philos. Mag." }
 @String{ProcNAS = "Proceedings of the National Academy of Sciences
                    of the USA" }
 @String{ProcNAS = "Proc. Nat. Acad. Sci. U. S. A." }
 @String{Psychometrika = "Psychometrika" }
 @String{QuartMath = "Quarterly Journal of Mathematics, Oxford, Series (2)" }
 @String{QuartMath = "Quart. J. Math. Oxford Ser. (2)" }
 @String{QuartApplMath = "Quarterly of Applied Mathematics" }
 @String{QuartApplMath = "Quart. Appl. Math." }
 @String{RevueInstStat = "Review of the International Statisical Institute" }
 @String{RevueInstStat = "Rev. Inst. Internat. Statist." }

 %SIAM
 @String{JSIAM = "Journal of the Society for Industrial and Applied
     Mathematics" }
 @String{JSIAM = "J. Soc. Indust. Appl. Math." }
 @String{JSIAMB = "Journal of the Society for Industrial and Applied
     Mathematics, Series B, Numerical Analysis" }
 @String{JSIAMB = "J. Soc. Indust. Appl. Math. Ser. B Numer. Anal." }
 @String{SIAMAlgMeth = "{SIAM} Journal on Algebraic and Discrete Methods" }
 @String{SIAMAlgMeth = "{SIAM} J. Algebraic Discrete Methods" }
 @String{SIAMAppMath = "{SIAM} Journal on Applied Mathematics" }
 @String{SIAMAppMath = "{SIAM} J. Appl. Math." }
 @String{SIAMComp = "{SIAM} Journal on Computing" }
 @String{SIAMComp = "{SIAM} J. Comput." }
 @String{SIAMMatrix = "{SIAM} Journal on Matrix Analysis and Applications" }
 @String{SIAMMatrix = "{SIAM} J. Matrix Anal. Appl." }
 @String{SIAMNumAnal = "{SIAM} Journal on Numerical Analysis" }
 @String{SIAMNumAnal = "{SIAM} J. Numer. Anal." }
 @String{SIAMReview = "{SIAM} Review" }
 @String{SIAMReview = "{SIAM} Rev." }
 @String{SIAMSciStat = "{SIAM} Journal on Scientific and Statistical
     Computing" }
 @String{SIAMSciStat = "{SIAM} J. Sci. Statist. Comput." }

 @String{SoftPracExp = "Software Practice and Experience" }
 @String{SoftPracExp = "Software Prac. Experience" } % didn't find in AMS MR
 @String{StatScience = "Statistical Science" }
 @String{StatScience = "Statist. Sci." }
 @String{Techno = "Technometrics" }
 @String{USSRCompMathPhys = "{USSR} Computational Mathematics and Mathematical
     Physics" }
 @String{USSRCompMathPhys = "{U. S. S. R.} Comput. Math. and Math. Phys." }
 @String{VLSICompSys = "Journal of {VLSI} and Computer Systems" }
 @String{VLSICompSys = "J. {VLSI} Comput. Syst." }
 @String{ZAngewMathMech = "Zeitschrift fur Angewandte Mathematik und
     Mechanik" }
 @String{ZAngewMathMech = "Z. Angew. Math. Mech." }
 @String{ZAngewMathPhys = "Zeitschrift fur Angewandte Mathematik und Physik" }
 @String{ZAngewMathPhys = "Z. Angew. Math. Phys." }

% Publishers % ================================================= |

 @String{Academic = "Academic Press" }
 @String{ACMPress = "{ACM} Press" }
 @String{AdamHilger = "Adam Hilger" }
 @String{AddisonWesley = "Addison-Wesley" }
 @String{AllynBacon = "Allyn and Bacon" }
 @String{AMS = "American Mathematical Society" }
 @String{Birkhauser = "Birkha{\"u}ser" }
 @String{CambridgePress = "Cambridge University Press" }
 @String{Chelsea = "Chelsea" }
 @String{ClaredonPress = "Claredon Press" }
 @String{DoverPub = "Dover Publications" }
 @String{Eyolles = "Eyolles" }
 @String{HoltRinehartWinston = "Holt, Rinehart and Winston" }
 @String{Interscience = "Interscience" }
 @String{JohnsHopkinsPress = "The Johns Hopkins University Press" }
 @String{JohnWileySons = "John Wiley and Sons" }
 @String{Macmillan = "Macmillan" }
 @String{MathWorks = "The Math Works Inc." }
 @String{McGrawHill = "McGraw-Hill" }
 @String{NatBurStd = "National Bureau of Standards" }
 @String{NorthHolland = "North-Holland" }
 @String{OxfordPress = "Oxford University Press" }  %address Oxford or London?
 @String{PergamonPress = "Pergamon Press" }
 @String{PlenumPress = "Plenum Press" }
 @String{PrenticeHall = "Prentice-Hall" }
 @String{SIAMPub = "{SIAM} Publications" }
 @String{Springer = "Springer-Verlag" }
 @String{TexasPress = "University of Texas Press" }
 @String{VanNostrand = "Van Nostrand" }
 @String{WHFreeman = "W. H. Freeman and Co." }

%Entries
@misc{California_2022, title={California releases Worldâ€™s first plan to achieve net zero carbon pollution}, url={https://www.gov.ca.gov/2022/11/16/california-releases-worlds-first-plan-to-achieve-net-zero-carbon-pollution/}, journal={California Governor}, author={California, State of}, year={2022}, month={Nov}} 

@misc{PowerFlex_2023, title={California Energy Commission mandates New Buildings Must Have Solar Storage}, url={https://www.powerflex.com/blog/california-energy-commission-mandates-that-new-buildings-must-have-solar-storage/}, journal={PowerFlex}, author={PowerFlex}, year={2023}, month={Jan}} 

@misc{eia, url={https://www.eia.gov/todayinenergy/detail.php?id=56880}, journal={Homepage - U.S. Energy Information Administration (EIA)}} 

@misc{caiso_duck, url={https://www.caiso.com/Documents/FlexibleResourcesHelpRenewables_FastFacts.pdf}, journal={What the duck curve tells us about managing a green grid - caiso}} 

@article{schedulingcontroller,
  title={Scheduling controller for microgrids energy management system using optimization algorithm in achieving cost saving and emission reduction},
  author={Roslan, MF and Hannan, MA and Ker, Pin Jern and Begum, RA and Mahlia, TM Indra and Dong, ZY},
  journal={Applied Energy},
  volume={292},
  pages={116883},
  year={2021},
  publisher={Elsevier}
}

@article{economicandenvironmentalpolicy,
  title={Economic and environmental policy analysis for emission-neutral multi-carrier microgrid deployment},
  author={Azimian, Mahdi and Amir, Vahid and Javadi, Saeid},
  journal={Applied Energy},
  volume={277},
  pages={115609},
  year={2020},
  publisher={Elsevier}
}

@article{stochasticoptimalscheduling,
  title={A stochastic optimal scheduling of multi-microgrid systems considering emissions: A chance constrained model},
  author={Aghdam, Farid Hamzeh and Kalantari, Navid Taghizadegan and Mohammadi-Ivatloo, Behnam},
  journal={Journal of Cleaner Production},
  volume={275},
  pages={122965},
  year={2020},
  publisher={Elsevier}
}

@article{carbondioxideemissionforecastingmicrogrids,
  title={Renewable energies generation and carbon dioxide emission forecasting in microgrids and national grids using GRNN-GWO methodology},
  author={Heydari, Azim and Garcia, Davide Astiaso and Keynia, Farshid and Bisegna, Fabio and De Santoli, Livio},
  journal={Energy Procedia},
  volume={159},
  pages={154--159},
  year={2019},
  publisher={Elsevier}
}

@article{emsformg,
  title={A sustainable energy management system for isolated microgrids},
  author={Solanki, Bharatkumar V and Bhattacharya, Kankar and Canizares, Claudio A},
  journal={IEEE Transactions on Sustainable Energy},
  volume={8},
  number={4},
  pages={1507--1517},
  year={2017},
  publisher={IEEE}
}

@article{abcdr,
  title={Optimal Planning of Residential Microgrids Based on Multiple Demand Response Programs Using ABC Algorithm},
  author={Habib, Habib Ur Rahman and Waqar, Asad and Junejo, Abdul Khalique and Ismail, Moustafa Magdi and Hossen, Monir and Jahangiri, Mehdi and Kabir, Asif and Khan, Sheheryar and Kim, Yun-Su},
  journal={IEEE Access},
  volume={10},
  pages={116564--116626},
  year={2022},
  publisher={IEEE}
}

@article{optimalmmgemissions,
  title={Optimal energy management for multi-energy multi-microgrid networks considering carbon emission limitations},
  author={Zhong, Xiaoqing and Zhong, Weifeng and Liu, Yi and Yang, Chao and Xie, Shengli},
  journal={Energy},
  volume={246},
  pages={123428},
  year={2022},
  publisher={Elsevier}
}

@article{residentialscedulingresdr,
  title={Optimal Multi-Objective Power Scheduling of a Residential Microgrid Considering Renewable Sources and Demand Response Technique},
  author={Gamil, Mahmoud M and Ueda, Soichirou and Nakadomari, Akito and Konneh, Keifa Vamba and Senjyu, Tomonobu and Hemeida, Ashraf M and Lotfy, Mohammed Elsayed},
  journal={Sustainability},
  volume={14},
  number={21},
  pages={13709},
  year={2022},
  publisher={MDPI}
}

@inproceedings{garrido2021dynamic,
  title={Dynamic data-driven carbon-based electric vehicle charging pricing strategy using machine learning},
  author={Garrido, Jacqueline and Barth, Matthew J and Enriquez-Contreras, Luis and Hasan, ASM Jahid and Todd, Michael and Ula, Sadrul and Yusuf, Jubair},
  booktitle={2021 IEEE International Intelligent Transportation Systems Conference (ITSC)},
  pages={1670--1675},
  year={2021},
  organization={IEEE}
}

@inproceedings{enriquez2022microgrid,
  title={Microgrid Demand Response: A Comparison of Simulated and Real Results},
  author={Enriquez-Contreras, Luis Fernando and Hasan, ASM Jahid and Yusuf, Jubair and Garrido, Jacqueline and Ula, Sadrul},
  booktitle={2022 North American Power Symposium (NAPS)},
  pages={1--6},
  year={2022},
  organization={IEEE}
}

@inproceedings{hasan2021comprehensive,
  title={A comprehensive building load optimization method from utility rate structure perspective with renewables and energy storage},
  author={Hasan, ASM Jahid and Enriquez-Contreras, Luis Fernando and Yusuf, Jubair and Ula, Sadrul},
  booktitle={2021 International Conference on Smart Energy Systems and Technologies (SEST)},
  pages={1--6},
  year={2021},
  organization={IEEE}
}

@article{hasan2023universal,
  title={A universal optimization framework for commercial building loads using DERs from utility tariff perspective with tariff change impacts analysis},
  author={Hasan, ASM Jahid and Enriquez-Contreras, Luis Fernando and Yusuf, Jubair and Ula, Sadrul},
  journal={Energy Reports},
  volume={9},
  pages={6088--6101},
  year={2023},
  publisher={Elsevier}
}

@misc{OpenModelica, url={https://openmodelica.org/}, journal={OpenModelica}} 

@misc{ModelicaLanguage, url={https://modelica.org/modelicalanguage.html}, journal={Modelica Association }} 

@misc{OMEdit, url={https://openmodelica.org/doc/OpenModelicaUsersGuide/latest/omedit.html}, journal={OpenModelica}}

@misc{OpenModelica, url={https://openmodelica.org/}, journal={OpenModelica}} 

@misc{ModelicaBuildingsLibrary, url={https://simulationresearch.lbl.gov/modelica/}, journal={Modelica Buildings Library}} 

@misc{canyon_curve, title={EPRI head: Duck Curve now looks like a Canyon}, url={https://www.powermag.com/epri-head-duck-curve-now-looks-like-a-canyon/}, journal={POWER Magazine}, author={Patel, Sonal}, year={2023}, month={Apr}} 
